@misc{scikit_watershed_tutorial,
  author = {{Scikit-image development team}},
  title = {Markers for watershed transform},
  howpublished = {Электронный ресурс},
  year = {2025},
  note = {URL: \url{
          https://scikit-image.org/docs/stable/auto_examples/segmentation/plot_watershed.html
          } (дата обращения: 15.07.2025)},
}

@misc{numpy_documentation,
  author = {{The NumPy Developers}},
  title = {NumPy Documentation},
  howpublished = {Электронный ресурс},
  year = {2025},
  note = {URL: \url{https://numpy.org/doc/stable/} (дата обращения: 15.07.2025).
          },
}

@misc{opencv_documentation,
  author = {{OpenCV team}},
  title = {OpenCV 4.x Documentation},
  howpublished = {Электронный ресурс},
  year = {2025},
  note = {URL: \url{https://docs.opencv.org/4.x/} (дата обращения: 12.07.2025).},
}

@misc{json_website,
  author = {Crockford, Douglas},
  title = {JSON: The Fat-Free Alternative to XML},
  howpublished = {Электронный ресурс},
  year = {2002},
  note = {URL: \url{https://www.json.org/json-ru.html} (дата обращения:
          12.07.2025).},
}
